<?xml version="1.0" encoding="UTF-8"?>
<AuditFile xmlns="urn:OECD:StandardAuditFile-Tax:PT_1.03_01" xmlns:xsi="http://www.w3.org/2001/XMLSchema-instance" xmlns:spi="http://Empresa.pt/invoice1" xmlns:saf="urn:OECD:StandardAuditFile-Tax:PT_1.03_01" xsi:schemaLocation="urn:OECD:StandardAuditFile-Tax:PT_1.03_01 http://serprest.pt/tmp/SAFTPT-1.03_01.xsd">
  <Header>
    <AuditFileVersion>1.03_01</AuditFileVersion>
    <CompanyID>ISV 1234</CompanyID>
    <TaxRegistrationNumber>500213093</TaxRegistrationNumber>
    <TaxAccountingBasis>F</TaxAccountingBasis>
    <CompanyName>ISVDesfalquesLda</CompanyName>
    <CompanyAddress>
      <AddressDetail>Rua da Travessa da Avenida, s/n</AddressDetail>
      <City>Terra do Nunca</City>
      <PostalCode>1234-666</PostalCode>
      <Country>PT</Country>
    </CompanyAddress>
    <FiscalYear>2014</FiscalYear>
    <StartDate>2014-02-06</StartDate>
    <EndDate>2014-08-22</EndDate>
    <CurrencyCode>EUR</CurrencyCode>
    <DateCreated>2014-02-06</DateCreated>
    <TaxEntity>Global</TaxEntity>
    <ProductCompanyTaxID>654987654</ProductCompanyTaxID>
    <SoftwareCertificateNumber>1</SoftwareCertificateNumber>
    <ProductID>Software/NaoFunciona</ProductID>
    <ProductVersion>1</ProductVersion>
  </Header>
  <MasterFiles>
    <Customer>
      <CustomerID>1</CustomerID>
      <AccountID>Desconhecido</AccountID>
      <CustomerTaxID>123456789</CustomerTaxID>
      <CompanyName>Tiago e Irmaos Lda.</CompanyName>
      <BillingAddress>
        <AddressDetail>Rua D. João V n 22</AddressDetail>
        <City>Porto, Porto</City>
        <PostalCode>4050-300</PostalCode>
        <Country>PT</Country>
      </BillingAddress>
      <Email>tiagosn92@gmail.com</Email>
      <SelfBillingIndicator>0</SelfBillingIndicator>
    </Customer>
    <Customer>
      <CustomerID>2</CustomerID>
      <AccountID>Desconhecido</AccountID>
      <CustomerTaxID>257554123</CustomerTaxID>
      <CompanyName>Minipreço</CompanyName>
      <BillingAddress>
        <AddressDetail>Av. Aliados n 123</AddressDetail>
        <City>Porto, Porto</City>
        <PostalCode>4250-310</PostalCode>
        <Country>PT</Country>
      </BillingAddress>
      <Email>geral@minipreco.pt</Email>
      <SelfBillingIndicator>0</SelfBillingIndicator>
    </Customer>
    <Customer>
      <CustomerID>3</CustomerID>
      <AccountID>Desconhecido</AccountID>
      <CustomerTaxID>253675425</CustomerTaxID>
      <CompanyName>Jose Alberto</CompanyName>
      <BillingAddress>
        <AddressDetail>Av. Franca n 53</AddressDetail>
        <City>Porto, Porto</City>
        <PostalCode>4050-250</PostalCode>
        <Country>PT</Country>
      </BillingAddress>
      <Email>jose_alberto@gmail.pt</Email>
      <SelfBillingIndicator>0</SelfBillingIndicator>
    </Customer>
    <Customer>
      <CustomerID>4</CustomerID>
      <AccountID>Desconhecido</AccountID>
      <CustomerTaxID>178394352</CustomerTaxID>
      <CompanyName>Maria de Fátima</CompanyName>
      <BillingAddress>
        <AddressDetail>Rua Rio de Janeiro, n 100</AddressDetail>
        <City>Monte Santo de Minas, Minas Gerais</City>
        <PostalCode>37958000</PostalCode>
        <Country>PT</Country>
      </BillingAddress>
      <Email>nazare@netsite.com.br</Email>
      <SelfBillingIndicator>0</SelfBillingIndicator>
    </Customer>
    <Customer>
      <CustomerID>5</CustomerID>
      <AccountID>Desconhecido</AccountID>
      <CustomerTaxID>253633425</CustomerTaxID>
      <CompanyName>Pão de Acucar</CompanyName>
      <BillingAddress>
        <AddressDetail>Av. São Carlos n 12</AddressDetail>
        <City>São Carlos, São Paulo</City>
        <PostalCode>44444</PostalCode>
        <Country>PT</Country>
      </BillingAddress>
      <Email>mail@paodeacucar.br</Email>
      <SelfBillingIndicator>0</SelfBillingIndicator>
    </Customer>
    <Customer>
      <CustomerID>6</CustomerID>
      <AccountID>Desconhecido</AccountID>
      <CustomerTaxID>111222333</CustomerTaxID>
      <CompanyName>Continente</CompanyName>
      <BillingAddress>
        <AddressDetail>Rua da Boavista n 15</AddressDetail>
        <City>Porto, Porto</City>
        <PostalCode>3250-210</PostalCode>
        <Country>PT</Country>
      </BillingAddress>
      <Email>geral@continente.pt</Email>
      <SelfBillingIndicator>0</SelfBillingIndicator>
    </Customer>
    <Customer>
      <CustomerID>7</CustomerID>
      <AccountID>Desconhecido</AccountID>
      <CustomerTaxID>111222333</CustomerTaxID>
      <CompanyName>Pingo Doce</CompanyName>
      <BillingAddress>
        <AddressDetail>Av. Liberdade n 15</AddressDetail>
        <City>Lisboa, Lisboa</City>
        <PostalCode>3000-210</PostalCode>
        <Country>PT</Country>
      </BillingAddress>
      <Email>geral@pingodoce.pt</Email>
      <SelfBillingIndicator>0</SelfBillingIndicator>
    </Customer>
    <Product>
      <ProductType>P</ProductType>
      <ProductCode>1</ProductCode>
      <ProductGroup>1</ProductGroup>
      <ProductDescription>Pao</ProductDescription>
      <ProductNumberCode>1</ProductNumberCode>
    </Product>
    <Product>
      <ProductType>P</ProductType>
      <ProductCode>2</ProductCode>
      <ProductGroup>1</ProductGroup>
      <ProductDescription>Gelado</ProductDescription>
      <ProductNumberCode>2</ProductNumberCode>
    </Product>
    <Product>
      <ProductType>P</ProductType>
      <ProductCode>3</ProductCode>
      <ProductGroup>1</ProductGroup>
      <ProductDescription>Batata</ProductDescription>
      <ProductNumberCode>3</ProductNumberCode>
    </Product>
    <Product>
      <ProductType>P</ProductType>
      <ProductCode>4</ProductCode>
      <ProductGroup>1</ProductGroup>
      <ProductDescription>Sabonete</ProductDescription>
      <ProductNumberCode>4</ProductNumberCode>
    </Product>
    <Product>
      <ProductType>P</ProductType>
      <ProductCode>5</ProductCode>
      <ProductGroup>1</ProductGroup>
      <ProductDescription>Sopa</ProductDescription>
      <ProductNumberCode>5</ProductNumberCode>
    </Product>
    <Product>
      <ProductType>P</ProductType>
      <ProductCode>6</ProductCode>
      <ProductGroup>1</ProductGroup>
      <ProductDescription>Pizza</ProductDescription>
      <ProductNumberCode>6</ProductNumberCode>
    </Product>
    <Product>
      <ProductType>P</ProductType>
      <ProductCode>7</ProductCode>
      <ProductGroup>1</ProductGroup>
      <ProductDescription>Sabão</ProductDescription>
      <ProductNumberCode>7</ProductNumberCode>
    </Product>
    <Product>
      <ProductType>P</ProductType>
      <ProductCode>8</ProductCode>
      <ProductGroup>1</ProductGroup>
      <ProductDescription>Água</ProductDescription>
      <ProductNumberCode>8</ProductNumberCode>
    </Product>
    <Product>
      <ProductType>P</ProductType>
      <ProductCode>9</ProductCode>
      <ProductGroup>1</ProductGroup>
      <ProductDescription>Fanta</ProductDescription>
      <ProductNumberCode>9</ProductNumberCode>
    </Product>
    <Product>
      <ProductType>P</ProductType>
      <ProductCode>10</ProductCode>
      <ProductGroup>1</ProductGroup>
      <ProductDescription>Coca-Cola</ProductDescription>
      <ProductNumberCode>10</ProductNumberCode>
    </Product>
    <Product>
      <ProductType>P</ProductType>
      <ProductCode>11</ProductCode>
      <ProductGroup>1</ProductGroup>
      <ProductDescription>Pepsi</ProductDescription>
      <ProductNumberCode>11</ProductNumberCode>
    </Product>
    <Product>
      <ProductType>P</ProductType>
      <ProductCode>12</ProductCode>
      <ProductGroup>1</ProductGroup>
      <ProductDescription>Vinho</ProductDescription>
      <ProductNumberCode>12</ProductNumberCode>
    </Product>
    <Product>
      <ProductType>P</ProductType>
      <ProductCode>13</ProductCode>
      <ProductGroup>1</ProductGroup>
      <ProductDescription>Queijo</ProductDescription>
      <ProductNumberCode>13</ProductNumberCode>
    </Product>
    <Product>
      <ProductType>P</ProductType>
      <ProductCode>14</ProductCode>
      <ProductGroup>1</ProductGroup>
      <ProductDescription>Arroz</ProductDescription>
      <ProductNumberCode>14</ProductNumberCode>
    </Product>
    <Product>
      <ProductType>P</ProductType>
      <ProductCode>15</ProductCode>
      <ProductGroup>1</ProductGroup>
      <ProductDescription>Fanta Uva</ProductDescription>
      <ProductNumberCode>15</ProductNumberCode>
    </Product>
    <Product>
      <ProductType>P</ProductType>
      <ProductCode>16</ProductCode>
      <ProductGroup>1</ProductGroup>
      <ProductDescription>Fanta Ananás</ProductDescription>
      <ProductNumberCode>16</ProductNumberCode>
    </Product>
    <Product>
      <ProductType>P</ProductType>
      <ProductCode>17</ProductCode>
      <ProductGroup>1</ProductGroup>
      <ProductDescription>Chocolate</ProductDescription>
      <ProductNumberCode>17</ProductNumberCode>
    </Product>
    <Product>
      <ProductType>P</ProductType>
      <ProductCode>18</ProductCode>
      <ProductGroup>1</ProductGroup>
      <ProductDescription>Cêgripe</ProductDescription>
      <ProductNumberCode>18</ProductNumberCode>
    </Product>
    <Product>
      <ProductType>P</ProductType>
      <ProductCode>19</ProductCode>
      <ProductGroup>1</ProductGroup>
      <ProductDescription>Manteiga</ProductDescription>
      <ProductNumberCode>19</ProductNumberCode>
    </Product>
    <Product>
      <ProductType>P</ProductType>
      <ProductCode>20</ProductCode>
      <ProductGroup>1</ProductGroup>
      <ProductDescription>Doce de Leite</ProductDescription>
      <ProductNumberCode>20</ProductNumberCode>
    </Product>
    <Product>
      <ProductType>P</ProductType>
      <ProductCode>21</ProductCode>
      <ProductGroup>1</ProductGroup>
      <ProductDescription>Feijão</ProductDescription>
      <ProductNumberCode>21</ProductNumberCode>
    </Product>
    <Product>
      <ProductType>P</ProductType>
      <ProductCode>22</ProductCode>
      <ProductGroup>1</ProductGroup>
      <ProductDescription>Leite</ProductDescription>
      <ProductNumberCode>22</ProductNumberCode>
    </Product>
    <Product>
      <ProductType>P</ProductType>
      <ProductCode>23</ProductCode>
      <ProductGroup>1</ProductGroup>
      <ProductDescription>Danone</ProductDescription>
      <ProductNumberCode>23</ProductNumberCode>
    </Product>
    <Product>
      <ProductType>P</ProductType>
      <ProductCode>24</ProductCode>
      <ProductGroup>1</ProductGroup>
      <ProductDescription>Banana</ProductDescription>
      <ProductNumberCode>24</ProductNumberCode>
    </Product>
    <Product>
      <ProductType>P</ProductType>
      <ProductCode>25</ProductCode>
      <ProductGroup>1</ProductGroup>
      <ProductDescription>Laranja</ProductDescription>
      <ProductNumberCode>25</ProductNumberCode>
    </Product>
    <Product>
      <ProductType>P</ProductType>
      <ProductCode>26</ProductCode>
      <ProductGroup>1</ProductGroup>
      <ProductDescription>Tomate</ProductDescription>
      <ProductNumberCode>26</ProductNumberCode>
    </Product>
    <Product>
      <ProductType>P</ProductType>
      <ProductCode>27</ProductCode>
      <ProductGroup>1</ProductGroup>
      <ProductDescription>Alface</ProductDescription>
      <ProductNumberCode>27</ProductNumberCode>
    </Product>
    <Product>
      <ProductType>P</ProductType>
      <ProductCode>28</ProductCode>
      <ProductGroup>1</ProductGroup>
      <ProductDescription>Mel</ProductDescription>
      <ProductNumberCode>28</ProductNumberCode>
    </Product>
    <TaxTable>
      <TaxTableEntry>
        <TaxType>IVA</TaxType>
        <TaxCountryRegion>PT</TaxCountryRegion>
        <TaxCode>NOR</TaxCode>
        <Description>IVA Normal</Description>
        <TaxPercentage>23.0</TaxPercentage>
      </TaxTableEntry>
      <TaxTableEntry>
        <TaxType>IS</TaxType>
        <TaxCountryRegion>PT</TaxCountryRegion>
        <TaxCode>1</TaxCode>
        <Description>IS Escala</Description>
        <TaxPercentage>11.5</TaxPercentage>
      </TaxTableEntry>
    </TaxTable>
  </MasterFiles>
  <SourceDocuments>
    <SalesInvoices>
      <NumberOfEntries>10</NumberOfEntries>
      <TotalDebit>0.0</TotalDebit>
      <TotalCredit>448.44025</TotalCredit>
      <Invoice>
        <InvoiceNo>FT SEQ/1</InvoiceNo>
        <DocumentStatus>
          <InvoiceStatus>N</InvoiceStatus>
          <InvoiceStatusDate>2013-11-11T10:00:00</InvoiceStatusDate>
          <SourceID>1</SourceID>
          <SourceBilling>P</SourceBilling>
        </DocumentStatus>
        <Hash>0</Hash>
        <InvoiceDate>2013-10-11</InvoiceDate>
        <InvoiceType>FT</InvoiceType>
        <SpecialRegimes>
          <SelfBillingIndicator>0</SelfBillingIndicator>
          <CashVATSchemeIndicator>0</CashVATSchemeIndicator>
          <ThirdPartiesBillingIndicator>1</ThirdPartiesBillingIndicator>
        </SpecialRegimes>
        <SourceID>1</SourceID>
        <SystemEntryDate>2013-10-11T09:50:00</SystemEntryDate>
        <CustomerID>1</CustomerID>
        <Line>
          <LineNumber>1</LineNumber>
          <ProductCode>5</ProductCode>
          <ProductDescription>Sopa</ProductDescription>
          <Quantity>2.0</Quantity>
          <UnitOfMeasure>g</UnitOfMeasure>
          <UnitPrice>1.0</UnitPrice>
          <TaxPointDate>2013-12-08</TaxPointDate>
          <Description>Sopa</Description>
          <CreditAmount>2.0</CreditAmount>
          <Tax>
            <TaxType>IVA</TaxType>
            <TaxCountryRegion>PT</TaxCountryRegion>
            <TaxCode>NOR</TaxCode>
            <TaxPercentage>23.0</TaxPercentage>
          </Tax>
          <SettlementAmount>0</SettlementAmount>
        </Line>
        <Line>
          <LineNumber>2</LineNumber>
          <ProductCode>2</ProductCode>
          <ProductDescription>Gelado</ProductDescription>
          <Quantity>1.0</Quantity>
          <UnitOfMeasure>kg</UnitOfMeasure>
          <UnitPrice>1.0</UnitPrice>
          <TaxPointDate>2013-12-08</TaxPointDate>
          <Description>Gelado</Description>
          <CreditAmount>1.0</CreditAmount>
          <Tax>
            <TaxType>IS</TaxType>
            <TaxCountryRegion>PT</TaxCountryRegion>
            <TaxCode>1</TaxCode>
            <TaxPercentage>11.5</TaxPercentage>
          </Tax>
          <SettlementAmount>0</SettlementAmount>
        </Line>
        <Line>
          <LineNumber>3</LineNumber>
          <ProductCode>3</ProductCode>
          <ProductDescription>Batata</ProductDescription>
          <Quantity>2.0</Quantity>
          <UnitOfMeasure>kg</UnitOfMeasure>
          <UnitPrice>10.0</UnitPrice>
          <TaxPointDate>2013-12-08</TaxPointDate>
          <Description>Batata</Description>
          <CreditAmount>20.0</CreditAmount>
          <Tax>
            <TaxType>IVA</TaxType>
            <TaxCountryRegion>PT</TaxCountryRegion>
            <TaxCode>NOR</TaxCode>
            <TaxPercentage>23.0</TaxPercentage>
          </Tax>
          <SettlementAmount>0</SettlementAmount>
        </Line>
        <Line>
          <LineNumber>28</LineNumber>
          <ProductCode>5</ProductCode>
          <ProductDescription>Sopa</ProductDescription>
          <Quantity>2.0</Quantity>
          <UnitOfMeasure>g</UnitOfMeasure>
          <UnitPrice>1.0</UnitPrice>
          <TaxPointDate>2013-12-08</TaxPointDate>
          <Description>Sopa</Description>
          <CreditAmount>2.0</CreditAmount>
          <Tax>
            <TaxType>IVA</TaxType>
            <TaxCountryRegion>PT</TaxCountryRegion>
            <TaxCode>NOR</TaxCode>
            <TaxPercentage>23.0</TaxPercentage>
          </Tax>
          <SettlementAmount>0</SettlementAmount>
        </Line>
        <Line>
          <LineNumber>29</LineNumber>
          <ProductCode>2</ProductCode>
          <ProductDescription>Gelado</ProductDescription>
          <Quantity>1.0</Quantity>
          <UnitOfMeasure>kg</UnitOfMeasure>
          <UnitPrice>1.0</UnitPrice>
          <TaxPointDate>2013-12-08</TaxPointDate>
          <Description>Gelado</Description>
          <CreditAmount>1.0</CreditAmount>
          <Tax>
            <TaxType>IS</TaxType>
            <TaxCountryRegion>PT</TaxCountryRegion>
            <TaxCode>1</TaxCode>
            <TaxPercentage>11.5</TaxPercentage>
          </Tax>
          <SettlementAmount>0</SettlementAmount>
        </Line>
        <Line>
          <LineNumber>30</LineNumber>
          <ProductCode>3</ProductCode>
          <ProductDescription>Batata</ProductDescription>
          <Quantity>2.0</Quantity>
          <UnitOfMeasure>kg</UnitOfMeasure>
          <UnitPrice>10.0</UnitPrice>
          <TaxPointDate>2013-12-08</TaxPointDate>
          <Description>Batata</Description>
          <CreditAmount>20.0</CreditAmount>
          <Tax>
            <TaxType>IVA</TaxType>
            <TaxCountryRegion>PT</TaxCountryRegion>
            <TaxCode>NOR</TaxCode>
            <TaxPercentage>23.0</TaxPercentage>
          </Tax>
          <SettlementAmount>0</SettlementAmount>
        </Line>
        <Line>
          <LineNumber>32</LineNumber>
          <ProductCode>5</ProductCode>
          <ProductDescription>Sopa</ProductDescription>
          <Quantity>2.0</Quantity>
          <UnitOfMeasure>g</UnitOfMeasure>
          <UnitPrice>1.0</UnitPrice>
          <TaxPointDate>2013-12-08</TaxPointDate>
          <Description>Sopa</Description>
          <CreditAmount>2.0</CreditAmount>
          <Tax>
            <TaxType>IVA</TaxType>
            <TaxCountryRegion>PT</TaxCountryRegion>
            <TaxCode>NOR</TaxCode>
            <TaxPercentage>23.0</TaxPercentage>
          </Tax>
          <SettlementAmount>0</SettlementAmount>
        </Line>
        <Line>
          <LineNumber>33</LineNumber>
          <ProductCode>2</ProductCode>
          <ProductDescription>Gelado</ProductDescription>
          <Quantity>1.0</Quantity>
          <UnitOfMeasure>kg</UnitOfMeasure>
          <UnitPrice>1.0</UnitPrice>
          <TaxPointDate>2013-12-08</TaxPointDate>
          <Description>Gelado</Description>
          <CreditAmount>1.0</CreditAmount>
          <Tax>
            <TaxType>IS</TaxType>
            <TaxCountryRegion>PT</TaxCountryRegion>
            <TaxCode>1</TaxCode>
            <TaxPercentage>11.5</TaxPercentage>
          </Tax>
          <SettlementAmount>0</SettlementAmount>
        </Line>
        <Line>
          <LineNumber>34</LineNumber>
          <ProductCode>3</ProductCode>
          <ProductDescription>Batata</ProductDescription>
          <Quantity>2.0</Quantity>
          <UnitOfMeasure>kg</UnitOfMeasure>
          <UnitPrice>10.0</UnitPrice>
          <TaxPointDate>2013-12-08</TaxPointDate>
          <Description>Batata</Description>
          <CreditAmount>20.0</CreditAmount>
          <Tax>
            <TaxType>IVA</TaxType>
            <TaxCountryRegion>PT</TaxCountryRegion>
            <TaxCode>NOR</TaxCode>
            <TaxPercentage>23.0</TaxPercentage>
          </Tax>
          <SettlementAmount>0</SettlementAmount>
        </Line>
        <DocumentTotals>
          <TaxPayable>15.525</TaxPayable>
          <NetTotal>69.0</NetTotal>
          <GrossTotal>84.525</GrossTotal>
        </DocumentTotals>
      </Invoice>
      <Invoice>
        <InvoiceNo>FT SEQ/2</InvoiceNo>
        <DocumentStatus>
          <InvoiceStatus>N</InvoiceStatus>
          <InvoiceStatusDate>2013-11-11T10:00:00</InvoiceStatusDate>
          <SourceID>1</SourceID>
          <SourceBilling>P</SourceBilling>
        </DocumentStatus>
        <Hash>0</Hash>
        <InvoiceDate>2013-10-11</InvoiceDate>
        <InvoiceType>FT</InvoiceType>
        <SpecialRegimes>
          <SelfBillingIndicator>0</SelfBillingIndicator>
          <CashVATSchemeIndicator>0</CashVATSchemeIndicator>
          <ThirdPartiesBillingIndicator>1</ThirdPartiesBillingIndicator>
        </SpecialRegimes>
        <SourceID>1</SourceID>
        <SystemEntryDate>2013-10-11T09:50:00</SystemEntryDate>
        <CustomerID>1</CustomerID>
        <Line>
          <LineNumber>31</LineNumber>
          <ProductCode>3</ProductCode>
          <ProductDescription>Batata</ProductDescription>
          <Quantity>2.0</Quantity>
          <UnitOfMeasure>kg</UnitOfMeasure>
          <UnitPrice>10.0</UnitPrice>
          <TaxPointDate>2013-12-08</TaxPointDate>
          <Description>Batata</Description>
          <CreditAmount>20.0</CreditAmount>
          <Tax>
            <TaxType>IVA</TaxType>
            <TaxCountryRegion>PT</TaxCountryRegion>
            <TaxCode>NOR</TaxCode>
            <TaxPercentage>23.0</TaxPercentage>
          </Tax>
          <SettlementAmount>0</SettlementAmount>
        </Line>
        <DocumentTotals>
          <TaxPayable>4.6</TaxPayable>
          <NetTotal>20.0</NetTotal>
          <GrossTotal>24.6</GrossTotal>
        </DocumentTotals>
      </Invoice>
      <Invoice>
        <InvoiceNo>FT SEQ/3</InvoiceNo>
        <DocumentStatus>
          <InvoiceStatus>N</InvoiceStatus>
          <InvoiceStatusDate>2013-11-11T10:00:00</InvoiceStatusDate>
          <SourceID>1</SourceID>
          <SourceBilling>P</SourceBilling>
        </DocumentStatus>
        <Hash>0</Hash>
        <InvoiceDate>2013-10-11</InvoiceDate>
        <InvoiceType>FT</InvoiceType>
        <SpecialRegimes>
          <SelfBillingIndicator>0</SelfBillingIndicator>
          <CashVATSchemeIndicator>0</CashVATSchemeIndicator>
          <ThirdPartiesBillingIndicator>1</ThirdPartiesBillingIndicator>
        </SpecialRegimes>
        <SourceID>1</SourceID>
        <SystemEntryDate>2013-10-11T09:50:00</SystemEntryDate>
        <CustomerID>1</CustomerID>
        <Line>
          <LineNumber>4</LineNumber>
          <ProductCode>7</ProductCode>
          <ProductDescription>Sabão</ProductDescription>
          <Quantity>10.0</Quantity>
          <UnitOfMeasure>g</UnitOfMeasure>
          <UnitPrice>2.0</UnitPrice>
          <TaxPointDate>2013-12-08</TaxPointDate>
          <Description>Sabão</Description>
          <CreditAmount>20.0</CreditAmount>
          <Tax>
            <TaxType>IVA</TaxType>
            <TaxCountryRegion>PT</TaxCountryRegion>
            <TaxCode>NOR</TaxCode>
            <TaxPercentage>23.0</TaxPercentage>
          </Tax>
          <SettlementAmount>0</SettlementAmount>
        </Line>
        <Line>
          <LineNumber>5</LineNumber>
          <ProductCode>8</ProductCode>
          <ProductDescription>Água</ProductDescription>
          <Quantity>20.0</Quantity>
          <UnitOfMeasure>l</UnitOfMeasure>
          <UnitPrice>1.5</UnitPrice>
          <TaxPointDate>2013-12-08</TaxPointDate>
          <Description>Água</Description>
          <CreditAmount>30.0</CreditAmount>
          <Tax>
            <TaxType>IVA</TaxType>
            <TaxCountryRegion>PT</TaxCountryRegion>
            <TaxCode>NOR</TaxCode>
            <TaxPercentage>23.0</TaxPercentage>
          </Tax>
          <SettlementAmount>0</SettlementAmount>
        </Line>
        <DocumentTotals>
          <TaxPayable>11.5</TaxPayable>
          <NetTotal>50.0</NetTotal>
          <GrossTotal>61.5</GrossTotal>
        </DocumentTotals>
      </Invoice>
      <Invoice>
        <InvoiceNo>FT SEQ/4</InvoiceNo>
        <DocumentStatus>
          <InvoiceStatus>N</InvoiceStatus>
          <InvoiceStatusDate>2013-11-11T10:00:00</InvoiceStatusDate>
          <SourceID>2</SourceID>
          <SourceBilling>P</SourceBilling>
        </DocumentStatus>
        <Hash>0</Hash>
        <InvoiceDate>2013-10-11</InvoiceDate>
        <InvoiceType>FT</InvoiceType>
        <SpecialRegimes>
          <SelfBillingIndicator>0</SelfBillingIndicator>
          <CashVATSchemeIndicator>0</CashVATSchemeIndicator>
          <ThirdPartiesBillingIndicator>1</ThirdPartiesBillingIndicator>
        </SpecialRegimes>
        <SourceID>2</SourceID>
        <SystemEntryDate>2013-10-11T09:50:00</SystemEntryDate>
        <CustomerID>2</CustomerID>
        <Line>
          <LineNumber>6</LineNumber>
          <ProductCode>20</ProductCode>
          <ProductDescription>Doce de Leite</ProductDescription>
          <Quantity>1.0</Quantity>
          <UnitOfMeasure>g</UnitOfMeasure>
          <UnitPrice>2.05</UnitPrice>
          <TaxPointDate>2013-12-08</TaxPointDate>
          <Description>Doce de Leite</Description>
          <CreditAmount>2.05</CreditAmount>
          <Tax>
            <TaxType>IS</TaxType>
            <TaxCountryRegion>PT</TaxCountryRegion>
            <TaxCode>1</TaxCode>
            <TaxPercentage>11.5</TaxPercentage>
          </Tax>
          <SettlementAmount>0</SettlementAmount>
        </Line>
        <DocumentTotals>
          <TaxPayable>0.23575</TaxPayable>
          <NetTotal>2.05</NetTotal>
          <GrossTotal>2.28575</GrossTotal>
        </DocumentTotals>
      </Invoice>
      <Invoice>
        <InvoiceNo>FT SEQ/5</InvoiceNo>
        <DocumentStatus>
          <InvoiceStatus>N</InvoiceStatus>
          <InvoiceStatusDate>2013-11-11T10:00:00</InvoiceStatusDate>
          <SourceID>2</SourceID>
          <SourceBilling>P</SourceBilling>
        </DocumentStatus>
        <Hash>0</Hash>
        <InvoiceDate>2013-10-11</InvoiceDate>
        <InvoiceType>FT</InvoiceType>
        <SpecialRegimes>
          <SelfBillingIndicator>0</SelfBillingIndicator>
          <CashVATSchemeIndicator>0</CashVATSchemeIndicator>
          <ThirdPartiesBillingIndicator>1</ThirdPartiesBillingIndicator>
        </SpecialRegimes>
        <SourceID>2</SourceID>
        <SystemEntryDate>2013-10-11T09:50:00</SystemEntryDate>
        <CustomerID>2</CustomerID>
        <Line>
          <LineNumber>7</LineNumber>
          <ProductCode>21</ProductCode>
          <ProductDescription>Feijão</ProductDescription>
          <Quantity>2.0</Quantity>
          <UnitOfMeasure>g</UnitOfMeasure>
          <UnitPrice>2.0</UnitPrice>
          <TaxPointDate>2013-12-08</TaxPointDate>
          <Description>Feijão</Description>
          <CreditAmount>4.0</CreditAmount>
          <Tax>
            <TaxType>IS</TaxType>
            <TaxCountryRegion>PT</TaxCountryRegion>
            <TaxCode>1</TaxCode>
            <TaxPercentage>11.5</TaxPercentage>
          </Tax>
          <SettlementAmount>0</SettlementAmount>
        </Line>
        <DocumentTotals>
          <TaxPayable>0.46</TaxPayable>
          <NetTotal>4.0</NetTotal>
          <GrossTotal>4.46</GrossTotal>
        </DocumentTotals>
      </Invoice>
      <Invoice>
        <InvoiceNo>FT SEQ/6</InvoiceNo>
        <DocumentStatus>
          <InvoiceStatus>N</InvoiceStatus>
          <InvoiceStatusDate>2013-11-11T10:00:00</InvoiceStatusDate>
          <SourceID>3</SourceID>
          <SourceBilling>P</SourceBilling>
        </DocumentStatus>
        <Hash>0</Hash>
        <InvoiceDate>2013-10-11</InvoiceDate>
        <InvoiceType>FT</InvoiceType>
        <SpecialRegimes>
          <SelfBillingIndicator>0</SelfBillingIndicator>
          <CashVATSchemeIndicator>0</CashVATSchemeIndicator>
          <ThirdPartiesBillingIndicator>1</ThirdPartiesBillingIndicator>
        </SpecialRegimes>
        <SourceID>3</SourceID>
        <SystemEntryDate>2013-10-11T09:50:00</SystemEntryDate>
        <CustomerID>3</CustomerID>
        <Line>
          <LineNumber>8</LineNumber>
          <ProductCode>22</ProductCode>
          <ProductDescription>Leite</ProductDescription>
          <Quantity>3.0</Quantity>
          <UnitOfMeasure>l</UnitOfMeasure>
          <UnitPrice>1.5</UnitPrice>
          <TaxPointDate>2013-12-08</TaxPointDate>
          <Description>Leite</Description>
          <CreditAmount>4.5</CreditAmount>
          <Tax>
            <TaxType>IVA</TaxType>
            <TaxCountryRegion>PT</TaxCountryRegion>
            <TaxCode>NOR</TaxCode>
            <TaxPercentage>23.0</TaxPercentage>
          </Tax>
          <SettlementAmount>0</SettlementAmount>
        </Line>
        <DocumentTotals>
          <TaxPayable>1.035</TaxPayable>
          <NetTotal>4.5</NetTotal>
          <GrossTotal>5.535</GrossTotal>
        </DocumentTotals>
      </Invoice>
      <Invoice>
        <InvoiceNo>FT SEQ/7</InvoiceNo>
        <DocumentStatus>
          <InvoiceStatus>N</InvoiceStatus>
          <InvoiceStatusDate>2013-11-11T10:00:00</InvoiceStatusDate>
          <SourceID>4</SourceID>
          <SourceBilling>P</SourceBilling>
        </DocumentStatus>
        <Hash>0</Hash>
        <InvoiceDate>2013-10-11</InvoiceDate>
        <InvoiceType>FT</InvoiceType>
        <SpecialRegimes>
          <SelfBillingIndicator>0</SelfBillingIndicator>
          <CashVATSchemeIndicator>0</CashVATSchemeIndicator>
          <ThirdPartiesBillingIndicator>1</ThirdPartiesBillingIndicator>
        </SpecialRegimes>
        <SourceID>4</SourceID>
        <SystemEntryDate>2013-10-11T09:50:00</SystemEntryDate>
        <CustomerID>4</CustomerID>
        <Line>
          <LineNumber>9</LineNumber>
          <ProductCode>23</ProductCode>
          <ProductDescription>Danone</ProductDescription>
          <Quantity>4.0</Quantity>
          <UnitOfMeasure>l</UnitOfMeasure>
          <UnitPrice>1.09</UnitPrice>
          <TaxPointDate>2013-12-08</TaxPointDate>
          <Description>Danone</Description>
          <CreditAmount>4.36</CreditAmount>
          <Tax>
            <TaxType>IS</TaxType>
            <TaxCountryRegion>PT</TaxCountryRegion>
            <TaxCode>1</TaxCode>
            <TaxPercentage>11.5</TaxPercentage>
          </Tax>
          <SettlementAmount>0</SettlementAmount>
        </Line>
        <DocumentTotals>
          <TaxPayable>0.5014</TaxPayable>
          <NetTotal>4.36</NetTotal>
          <GrossTotal>4.8614</GrossTotal>
        </DocumentTotals>
      </Invoice>
      <Invoice>
        <InvoiceNo>FT SEQ/8</InvoiceNo>
        <DocumentStatus>
          <InvoiceStatus>N</InvoiceStatus>
          <InvoiceStatusDate>2013-11-11T10:00:00</InvoiceStatusDate>
          <SourceID>5</SourceID>
          <SourceBilling>P</SourceBilling>
        </DocumentStatus>
        <Hash>0</Hash>
        <InvoiceDate>2013-10-11</InvoiceDate>
        <InvoiceType>FT</InvoiceType>
        <SpecialRegimes>
          <SelfBillingIndicator>0</SelfBillingIndicator>
          <CashVATSchemeIndicator>0</CashVATSchemeIndicator>
          <ThirdPartiesBillingIndicator>1</ThirdPartiesBillingIndicator>
        </SpecialRegimes>
        <SourceID>5</SourceID>
        <SystemEntryDate>2013-10-11T09:50:00</SystemEntryDate>
        <CustomerID>5</CustomerID>
        <Line>
          <LineNumber>10</LineNumber>
          <ProductCode>24</ProductCode>
          <ProductDescription>Banana</ProductDescription>
          <Quantity>5.0</Quantity>
          <UnitOfMeasure>kg</UnitOfMeasure>
          <UnitPrice>2.5</UnitPrice>
          <TaxPointDate>2013-12-08</TaxPointDate>
          <Description>Banana</Description>
          <CreditAmount>12.5</CreditAmount>
          <Tax>
            <TaxType>IVA</TaxType>
            <TaxCountryRegion>PT</TaxCountryRegion>
            <TaxCode>NOR</TaxCode>
            <TaxPercentage>23.0</TaxPercentage>
          </Tax>
          <SettlementAmount>0</SettlementAmount>
        </Line>
        <DocumentTotals>
          <TaxPayable>2.875</TaxPayable>
          <NetTotal>12.5</NetTotal>
          <GrossTotal>15.375</GrossTotal>
        </DocumentTotals>
      </Invoice>
      <Invoice>
        <InvoiceNo>FT SEQ/9</InvoiceNo>
        <DocumentStatus>
          <InvoiceStatus>N</InvoiceStatus>
          <InvoiceStatusDate>2013-11-11T10:00:00</InvoiceStatusDate>
          <SourceID>6</SourceID>
          <SourceBilling>P</SourceBilling>
        </DocumentStatus>
        <Hash>0</Hash>
        <InvoiceDate>2013-10-11</InvoiceDate>
        <InvoiceType>FT</InvoiceType>
        <SpecialRegimes>
          <SelfBillingIndicator>0</SelfBillingIndicator>
          <CashVATSchemeIndicator>0</CashVATSchemeIndicator>
          <ThirdPartiesBillingIndicator>1</ThirdPartiesBillingIndicator>
        </SpecialRegimes>
        <SourceID>6</SourceID>
        <SystemEntryDate>2013-10-11T09:50:00</SystemEntryDate>
        <CustomerID>6</CustomerID>
        <Line>
          <LineNumber>11</LineNumber>
          <ProductCode>25</ProductCode>
          <ProductDescription>Laranja</ProductDescription>
          <Quantity>6.0</Quantity>
          <UnitOfMeasure>kg</UnitOfMeasure>
          <UnitPrice>2.0</UnitPrice>
          <TaxPointDate>2013-12-08</TaxPointDate>
          <Description>Laranja</Description>
          <CreditAmount>12.0</CreditAmount>
          <Tax>
            <TaxType>IVA</TaxType>
            <TaxCountryRegion>PT</TaxCountryRegion>
            <TaxCode>NOR</TaxCode>
            <TaxPercentage>23.0</TaxPercentage>
          </Tax>
          <SettlementAmount>0</SettlementAmount>
        </Line>
        <Line>
          <LineNumber>12</LineNumber>
          <ProductCode>26</ProductCode>
          <ProductDescription>Tomate</ProductDescription>
          <Quantity>7.0</Quantity>
          <UnitOfMeasure>kg</UnitOfMeasure>
          <UnitPrice>5.0</UnitPrice>
          <TaxPointDate>2013-12-08</TaxPointDate>
          <Description>Tomate</Description>
          <CreditAmount>35.0</CreditAmount>
          <Tax>
            <TaxType>IVA</TaxType>
            <TaxCountryRegion>PT</TaxCountryRegion>
            <TaxCode>NOR</TaxCode>
            <TaxPercentage>23.0</TaxPercentage>
          </Tax>
          <SettlementAmount>0</SettlementAmount>
        </Line>
        <DocumentTotals>
          <TaxPayable>10.81</TaxPayable>
          <NetTotal>47.0</NetTotal>
          <GrossTotal>57.81</GrossTotal>
        </DocumentTotals>
      </Invoice>
      <Invoice>
        <InvoiceNo>FT SEQ/10</InvoiceNo>
        <DocumentStatus>
          <InvoiceStatus>N</InvoiceStatus>
          <InvoiceStatusDate>2013-11-11T10:00:00</InvoiceStatusDate>
          <SourceID>7</SourceID>
          <SourceBilling>P</SourceBilling>
        </DocumentStatus>
        <Hash>0</Hash>
        <InvoiceDate>2013-10-11</InvoiceDate>
        <InvoiceType>FT</InvoiceType>
        <SpecialRegimes>
          <SelfBillingIndicator>0</SelfBillingIndicator>
          <CashVATSchemeIndicator>0</CashVATSchemeIndicator>
          <ThirdPartiesBillingIndicator>1</ThirdPartiesBillingIndicator>
        </SpecialRegimes>
        <SourceID>7</SourceID>
        <SystemEntryDate>2013-10-11T09:50:00</SystemEntryDate>
        <CustomerID>7</CustomerID>
        <Line>
          <LineNumber>13</LineNumber>
          <ProductCode>1</ProductCode>
          <ProductDescription>Pao</ProductDescription>
          <Quantity>6.0</Quantity>
          <UnitOfMeasure>g</UnitOfMeasure>
          <UnitPrice>1.0</UnitPrice>
          <TaxPointDate>2013-12-08</TaxPointDate>
          <Description>Pao</Description>
          <CreditAmount>6.0</CreditAmount>
          <Tax>
            <TaxType>IVA</TaxType>
            <TaxCountryRegion>PT</TaxCountryRegion>
            <TaxCode>NOR</TaxCode>
            <TaxPercentage>23.0</TaxPercentage>
          </Tax>
          <SettlementAmount>0</SettlementAmount>
        </Line>
        <Line>
          <LineNumber>14</LineNumber>
          <ProductCode>2</ProductCode>
          <ProductDescription>Gelado</ProductDescription>
          <Quantity>7.0</Quantity>
          <UnitOfMeasure>kg</UnitOfMeasure>
          <UnitPrice>1.0</UnitPrice>
          <TaxPointDate>2013-12-08</TaxPointDate>
          <Description>Gelado</Description>
          <CreditAmount>7.0</CreditAmount>
          <Tax>
            <TaxType>IVA</TaxType>
            <TaxCountryRegion>PT</TaxCountryRegion>
            <TaxCode>NOR</TaxCode>
            <TaxPercentage>23.0</TaxPercentage>
          </Tax>
          <SettlementAmount>0</SettlementAmount>
        </Line>
        <Line>
          <LineNumber>15</LineNumber>
          <ProductCode>3</ProductCode>
          <ProductDescription>Batata</ProductDescription>
          <Quantity>5.0</Quantity>
          <UnitOfMeasure>kg</UnitOfMeasure>
          <UnitPrice>10.0</UnitPrice>
          <TaxPointDate>2013-12-08</TaxPointDate>
          <Description>Batata</Description>
          <CreditAmount>50.0</CreditAmount>
          <Tax>
            <TaxType>IS</TaxType>
            <TaxCountryRegion>PT</TaxCountryRegion>
            <TaxCode>1</TaxCode>
            <TaxPercentage>11.5</TaxPercentage>
          </Tax>
          <SettlementAmount>0</SettlementAmount>
        </Line>
        <Line>
          <LineNumber>16</LineNumber>
          <ProductCode>4</ProductCode>
          <ProductDescription>Sabonete</ProductDescription>
          <Quantity>7.0</Quantity>
          <UnitOfMeasure>g</UnitOfMeasure>
          <UnitPrice>1.0</UnitPrice>
          <TaxPointDate>2013-12-08</TaxPointDate>
          <Description>Sabonete</Description>
          <CreditAmount>7.0</CreditAmount>
          <Tax>
            <TaxType>IVA</TaxType>
            <TaxCountryRegion>PT</TaxCountryRegion>
            <TaxCode>NOR</TaxCode>
            <TaxPercentage>23.0</TaxPercentage>
          </Tax>
          <SettlementAmount>0</SettlementAmount>
        </Line>
        <Line>
          <LineNumber>17</LineNumber>
          <ProductCode>5</ProductCode>
          <ProductDescription>Sopa</ProductDescription>
          <Quantity>2.0</Quantity>
          <UnitOfMeasure>g</UnitOfMeasure>
          <UnitPrice>1.0</UnitPrice>
          <TaxPointDate>2013-12-08</TaxPointDate>
          <Description>Sopa</Description>
          <CreditAmount>2.0</CreditAmount>
          <Tax>
            <TaxType>IVA</TaxType>
            <TaxCountryRegion>PT</TaxCountryRegion>
            <TaxCode>NOR</TaxCode>
            <TaxPercentage>23.0</TaxPercentage>
          </Tax>
          <SettlementAmount>0</SettlementAmount>
        </Line>
        <Line>
          <LineNumber>18</LineNumber>
          <ProductCode>6</ProductCode>
          <ProductDescription>Pizza</ProductDescription>
          <Quantity>3.0</Quantity>
          <UnitOfMeasure>g</UnitOfMeasure>
          <UnitPrice>2.78</UnitPrice>
          <TaxPointDate>2013-12-08</TaxPointDate>
          <Description>Pizza</Description>
          <CreditAmount>8.34</CreditAmount>
          <Tax>
            <TaxType>IVA</TaxType>
            <TaxCountryRegion>PT</TaxCountryRegion>
            <TaxCode>NOR</TaxCode>
            <TaxPercentage>23.0</TaxPercentage>
          </Tax>
          <SettlementAmount>0</SettlementAmount>
        </Line>
        <Line>
          <LineNumber>19</LineNumber>
          <ProductCode>7</ProductCode>
          <ProductDescription>Sabão</ProductDescription>
          <Quantity>3.0</Quantity>
          <UnitOfMeasure>g</UnitOfMeasure>
          <UnitPrice>2.0</UnitPrice>
          <TaxPointDate>2013-12-08</TaxPointDate>
          <Description>Sabão</Description>
          <CreditAmount>6.0</CreditAmount>
          <Tax>
            <TaxType>IS</TaxType>
            <TaxCountryRegion>PT</TaxCountryRegion>
            <TaxCode>1</TaxCode>
            <TaxPercentage>11.5</TaxPercentage>
          </Tax>
          <SettlementAmount>0</SettlementAmount>
        </Line>
        <Line>
          <LineNumber>20</LineNumber>
          <ProductCode>8</ProductCode>
          <ProductDescription>Água</ProductDescription>
          <Quantity>3.0</Quantity>
          <UnitOfMeasure>l</UnitOfMeasure>
          <UnitPrice>1.5</UnitPrice>
          <TaxPointDate>2013-12-08</TaxPointDate>
          <Description>Água</Description>
          <CreditAmount>4.5</CreditAmount>
          <Tax>
            <TaxType>IVA</TaxType>
            <TaxCountryRegion>PT</TaxCountryRegion>
            <TaxCode>NOR</TaxCode>
            <TaxPercentage>23.0</TaxPercentage>
          </Tax>
          <SettlementAmount>0</SettlementAmount>
        </Line>
        <Line>
          <LineNumber>21</LineNumber>
          <ProductCode>9</ProductCode>
          <ProductDescription>Fanta</ProductDescription>
          <Quantity>3.0</Quantity>
          <UnitOfMeasure>l</UnitOfMeasure>
          <UnitPrice>1.09</UnitPrice>
          <TaxPointDate>2013-12-08</TaxPointDate>
          <Description>Fanta</Description>
          <CreditAmount>3.27</CreditAmount>
          <Tax>
            <TaxType>IVA</TaxType>
            <TaxCountryRegion>PT</TaxCountryRegion>
            <TaxCode>NOR</TaxCode>
            <TaxPercentage>23.0</TaxPercentage>
          </Tax>
          <SettlementAmount>0</SettlementAmount>
        </Line>
        <Line>
          <LineNumber>22</LineNumber>
          <ProductCode>6</ProductCode>
          <ProductDescription>Pizza</ProductDescription>
          <Quantity>3.0</Quantity>
          <UnitOfMeasure>g</UnitOfMeasure>
          <UnitPrice>2.78</UnitPrice>
          <TaxPointDate>2013-12-08</TaxPointDate>
          <Description>Pizza</Description>
          <CreditAmount>8.34</CreditAmount>
          <Tax>
            <TaxType>IVA</TaxType>
            <TaxCountryRegion>PT</TaxCountryRegion>
            <TaxCode>NOR</TaxCode>
            <TaxPercentage>23.0</TaxPercentage>
          </Tax>
          <SettlementAmount>0</SettlementAmount>
        </Line>
        <Line>
          <LineNumber>23</LineNumber>
          <ProductCode>6</ProductCode>
          <ProductDescription>Pizza</ProductDescription>
          <Quantity>3.0</Quantity>
          <UnitOfMeasure>g</UnitOfMeasure>
          <UnitPrice>2.78</UnitPrice>
          <TaxPointDate>2013-12-08</TaxPointDate>
          <Description>Pizza</Description>
          <CreditAmount>8.34</CreditAmount>
          <Tax>
            <TaxType>IVA</TaxType>
            <TaxCountryRegion>PT</TaxCountryRegion>
            <TaxCode>NOR</TaxCode>
            <TaxPercentage>23.0</TaxPercentage>
          </Tax>
          <SettlementAmount>0</SettlementAmount>
        </Line>
        <Line>
          <LineNumber>24</LineNumber>
          <ProductCode>3</ProductCode>
          <ProductDescription>Batata</ProductDescription>
          <Quantity>3.0</Quantity>
          <UnitOfMeasure>kg</UnitOfMeasure>
          <UnitPrice>10.0</UnitPrice>
          <TaxPointDate>2013-12-08</TaxPointDate>
          <Description>Batata</Description>
          <CreditAmount>30.0</CreditAmount>
          <Tax>
            <TaxType>IS</TaxType>
            <TaxCountryRegion>PT</TaxCountryRegion>
            <TaxCode>1</TaxCode>
            <TaxPercentage>11.5</TaxPercentage>
          </Tax>
          <SettlementAmount>0</SettlementAmount>
        </Line>
        <Line>
          <LineNumber>25</LineNumber>
          <ProductCode>6</ProductCode>
          <ProductDescription>Pizza</ProductDescription>
          <Quantity>3.0</Quantity>
          <UnitOfMeasure>g</UnitOfMeasure>
          <UnitPrice>2.78</UnitPrice>
          <TaxPointDate>2013-12-08</TaxPointDate>
          <Description>Pizza</Description>
          <CreditAmount>8.34</CreditAmount>
          <Tax>
            <TaxType>IVA</TaxType>
            <TaxCountryRegion>PT</TaxCountryRegion>
            <TaxCode>NOR</TaxCode>
            <TaxPercentage>23.0</TaxPercentage>
          </Tax>
          <SettlementAmount>0</SettlementAmount>
        </Line>
        <Line>
          <LineNumber>26</LineNumber>
          <ProductCode>2</ProductCode>
          <ProductDescription>Gelado</ProductDescription>
          <Quantity>3.0</Quantity>
          <UnitOfMeasure>kg</UnitOfMeasure>
          <UnitPrice>1.0</UnitPrice>
          <TaxPointDate>2013-12-08</TaxPointDate>
          <Description>Gelado</Description>
          <CreditAmount>3.0</CreditAmount>
          <Tax>
            <TaxType>IVA</TaxType>
            <TaxCountryRegion>PT</TaxCountryRegion>
            <TaxCode>NOR</TaxCode>
            <TaxPercentage>23.0</TaxPercentage>
          </Tax>
          <SettlementAmount>0</SettlementAmount>
        </Line>
        <Line>
          <LineNumber>27</LineNumber>
          <ProductCode>6</ProductCode>
          <ProductDescription>Pizza</ProductDescription>
          <Quantity>3.0</Quantity>
          <UnitOfMeasure>g</UnitOfMeasure>
          <UnitPrice>2.78</UnitPrice>
          <TaxPointDate>2013-12-08</TaxPointDate>
          <Description>Pizza</Description>
          <CreditAmount>8.34</CreditAmount>
          <Tax>
            <TaxType>IVA</TaxType>
            <TaxCountryRegion>PT</TaxCountryRegion>
            <TaxCode>NOR</TaxCode>
            <TaxPercentage>23.0</TaxPercentage>
          </Tax>
          <SettlementAmount>0</SettlementAmount>
        </Line>
        <DocumentTotals>
          <TaxPayable>27.0181</TaxPayable>
          <NetTotal>160.47</NetTotal>
          <GrossTotal>187.4881</GrossTotal>
        </DocumentTotals>
      </Invoice>
    </SalesInvoices>
  </SourceDocuments>
</AuditFile>
